<record><leader>01185cam a2200349 a 4500</leader><controlfield tag="001">1389789</controlfield><controlfield tag="008">910716s1985    ilua     b      1 0 eng d</controlfield><datafield ind1=" " ind2=" " tag="010"><subfield code="a">   84023493</subfield></datafield><datafield ind1=" " ind2=" " tag="020"><subfield code="a">0574217355</subfield></datafield><datafield ind1=" " ind2=" " tag="035"><subfield code="a">ocm11346038</subfield></datafield><datafield ind1=" " ind2=" " tag="040"><subfield code="a">DLC</subfield><subfield code="b">eng</subfield><subfield code="c">DLC</subfield></datafield><datafield ind1=" " ind2=" " tag="049"><subfield code="a">AEU</subfield><subfield code="b">eng</subfield></datafield><datafield ind1="0" ind2=" " tag="050"><subfield code="a">QA76.6</subfield><subfield code="b">.W49 1985</subfield></datafield><datafield ind1="0" ind2=" " tag="082"><subfield code="a">001.64/2</subfield><subfield code="2">19</subfield></datafield><datafield ind1="0" ind2=" " tag="090"><subfield code="a">QA 76.6 W544 1985</subfield></datafield><datafield ind1="1" ind2=" " tag="100"><subfield code="a">Wetzel, Gregory F.,</subfield><subfield code="d">1950-</subfield></datafield><datafield ind1="1" ind2="4" tag="245"><subfield code="a">The algorithmic process :</subfield><subfield code="b">an introduction to problem solving /</subfield><subfield code="c">Gregory F. Wetzel, William G. Bulgren.</subfield></datafield><datafield ind1=" " ind2=" " tag="260"><subfield code="a">Chicago :</subfield><subfield code="b">Science Research Associates,</subfield><subfield code="c">c1985.</subfield></datafield><datafield ind1=" " ind2=" " tag="300"><subfield code="a">ix, 292 p. :</subfield><subfield code="b">ill. ;</subfield><subfield code="c">25 cm.</subfield></datafield><datafield ind1=" " ind2=" " tag="336"><subfield code="a">text</subfield><subfield code="b">txt</subfield><subfield code="2">rdacontent</subfield></datafield><datafield ind1=" " ind2=" " tag="337"><subfield code="a">unmediated</subfield><subfield code="b">n</subfield><subfield code="2">rdamedia</subfield></datafield><datafield ind1=" " ind2=" " tag="338"><subfield code="a">volume</subfield><subfield code="b">nc</subfield><subfield code="2">rdacarrier</subfield></datafield><datafield ind1="1" ind2=" " tag="490"><subfield code="a">SRA computer science series.</subfield></datafield><datafield ind1=" " ind2=" " tag="500"><subfield code="a">Includes index.</subfield></datafield><datafield ind1=" " ind2=" " tag="504"><subfield code="a">Bibliography: p. 285-287.</subfield></datafield><datafield ind1=" " ind2=" " tag="596"><subfield code="a">48</subfield></datafield><datafield ind1=" " ind2="0" tag="650"><subfield code="a">Computer programming.</subfield></datafield><datafield ind1=" " ind2="0" tag="650"><subfield code="a">Algorithms.</subfield></datafield><datafield ind1=" " ind2="0" tag="650"><subfield code="a">Problem solving.</subfield></datafield><datafield ind1="1" ind2=" " tag="700"><subfield code="a">Bulgren, William G.</subfield></datafield><datafield ind1=" " ind2="0" tag="830"><subfield code="a">SRA computer science series.</subfield></datafield><datafield ind1=" " ind2=" " tag="926"><subfield code="a">QA 76.6 W544 1985</subfield><subfield code="w">LC</subfield><subfield code="c">1</subfield><subfield code="i">000037307550</subfield><subfield code="d">4/4/2017</subfield><subfield code="e">4/4/2017</subfield><subfield code="k">CHECKEDOUT</subfield><subfield code="l">ON_SHELF</subfield><subfield code="m">UASCITECH</subfield><subfield code="n">27</subfield><subfield code="p">$150.00</subfield><subfield code="r">M</subfield><subfield code="s">Y</subfield><subfield code="t">BOOK</subfield><subfield code="u">8/13/1991</subfield></datafield></record>